<record><leader>00000cas a2200000 a 4500</leader><controlfield tag="001">11946022</controlfield><controlfield tag="008">850422d18871888ksuwr ne      0    0eng d</controlfield><datafield ind1=" " ind2=" " tag="010"><subfield code="a">sn 85031255 </subfield></datafield><datafield ind1=" " ind2=" " tag="040"><subfield code="a">KSH</subfield><subfield code="b">eng</subfield><subfield code="c">KSH</subfield><subfield code="d">NPT</subfield><subfield code="d">OCL</subfield><subfield code="d">OCLCQ</subfield></datafield><datafield ind1=" " ind2=" " tag="042"><subfield code="a">msc</subfield></datafield><datafield ind1="0" ind2="0" tag="245"><subfield code="a">Southwest-leader.</subfield></datafield><datafield ind1=" " ind2=" " tag="260"><subfield code="a">Richfield, Kan. :</subfield><subfield code="b">Southwest-Leader Co.,</subfield><subfield code="c">1887-1888.</subfield></datafield><datafield ind1=" " ind2=" " tag="300"><subfield code="a">1 v. ;</subfield><subfield code="c">59 cm.</subfield></datafield><datafield ind1=" " ind2=" " tag="310"><subfield code="a">Weekly</subfield></datafield><datafield ind1="0" ind2=" " tag="362"><subfield code="a">Vol. 2, no. 31 (Aug. 13, 1887)-v. 3, no. 7 (Feb. 25, 1888).</subfield></datafield><datafield ind1=" " ind2=" " tag="500"><subfield code="a">"Official democratic paper of southwest Kansas."</subfield></datafield><datafield ind1=" " ind2=" " tag="500"><subfield code="a">"Official paper of the city of Richfield and of Morton County."</subfield></datafield><datafield ind1=" " ind2=" " tag="525"><subfield code="a">Supplement included with Feb. 25, 1888 issue.</subfield></datafield><datafield ind1=" " ind2=" " tag="752"><subfield code="a">United States</subfield><subfield code="b">Kansas</subfield><subfield code="c">Morton</subfield><subfield code="d">Richfield.</subfield></datafield><datafield ind1="0" ind2="4" tag="780"><subfield code="t">Richfield leader</subfield><subfield code="w">(DLC)sn 85031254</subfield></datafield><datafield ind1="0" ind2="4" tag="780"><subfield code="t">Great south-west</subfield><subfield code="w">(DLC)sn 85031257</subfield></datafield><datafield ind1="0" ind2="7" tag="785"><subfield code="t">Morton County democrat</subfield><subfield code="w">(DLC)sn 85031244</subfield></datafield><datafield ind1="0" ind2="7" tag="785"><subfield code="t">Leader-democrat</subfield><subfield code="w">(DLC)sn 85031256</subfield></datafield></record>